<?xml version="1.0" encoding="UTF-8"?><collection xmlns="http://www.loc.gov/MARC21/slim"><record><leader>00459nam--2200169-i-4500</leader><controlfield tag="001">000034343</controlfield><controlfield tag="002">20161230</controlfield><controlfield tag="005">20161230201040</controlfield><controlfield tag="008">060222s1000------------r-----000-0-eng-d</controlfield><datafield ind1=" " ind2=" " tag="040"><subfield code="a">IFIN-HH</subfield></datafield><datafield ind1=" " ind2=" " tag="080"><subfield code="a">539.1.07</subfield></datafield><datafield ind1="1" ind2=" " tag="100"><subfield code="a">Nokes, M.C</subfield></datafield><datafield ind1="1" ind2="0" tag="245"><subfield code="a">Radiaoctivity measuring instruments</subfield><subfield code="c">M.c. nokes</subfield></datafield><datafield ind1=" " ind2=" " tag="260"><subfield code="a">Melbourne</subfield><subfield code="b">William Heinemann Ltd</subfield><subfield code="c">1958</subfield></datafield><datafield ind1=" " ind2=" " tag="300"><subfield code="a">VIII + 76P., 38 FIG</subfield></datafield><datafield ind1=" " ind2=" " tag="852"><subfield code="a">14130</subfield><subfield code="c">539.1.07:539.1.08</subfield></datafield><datafield ind1=" " ind2=" " tag="CAT"><subfield code="a">Sys</subfield><subfield code="c">20111018</subfield><subfield code="h">105544</subfield></datafield></record></collection>